[gd_scene load_steps=9 format=2]

[ext_resource path="res://Global/RootScripts/Phone/lock_screen.gd" type="Script" id=2]
[ext_resource path="res://Assets/lockscreen.png" type="Texture" id=3]
[ext_resource path="res://Assets/Audio/notification.wav" type="AudioStream" id=4]
[ext_resource path="res://Assets/wallpaper.png" type="Texture" id=5]
[ext_resource path="res://Global/Foo/foo.tscn" type="PackedScene" id=6]
[ext_resource path="res://Assets/Fonts/Roboto/Roboto-Regular.ttf" type="DynamicFontData" id=7]

[sub_resource type="DynamicFont" id=1]
size = 64
font_data = ExtResource( 7 )

[sub_resource type="DynamicFont" id=2]
size = 18
font_data = ExtResource( 7 )

[node name="root_lv17_lock" type="Node2D"]
script = ExtResource( 2 )

[node name="timer" type="Timer" parent="."]
__meta__ = {
"_editor_description_": "4"
}

[node name="canvasLayer" type="CanvasLayer" parent="."]

[node name="colorRect" type="ColorRect" parent="canvasLayer"]
margin_top = -1.0
margin_right = 1024.0
margin_bottom = 599.0
mouse_filter = 2
color = Color( 0, 0, 0, 0 )
__meta__ = {
"_edit_use_anchors_": false
}

[node name="audio" type="AudioStreamPlayer2D" parent="."]
position = Vector2( 512, 160 )
stream = ExtResource( 4 )
bus = "Sound_FX"

[node name="wallpaper" type="Sprite" parent="."]
texture = ExtResource( 5 )
centered = false

[node name="lock_screen" type="Sprite" parent="."]
position = Vector2( 368, 0 )
texture = ExtResource( 3 )
centered = false
__meta__ = {
"_editor_description_": "17"
}

[node name="time" type="Label" parent="."]
margin_left = 446.084
margin_top = 32.0
margin_right = 578.084
margin_bottom = 104.0
custom_fonts/font = SubResource( 1 )
text = "4:24"
__meta__ = {
"_edit_use_anchors_": false
}

[node name="date" type="Label" parent="."]
margin_left = 424.0
margin_top = 98.0
margin_right = 610.0
margin_bottom = 120.0
custom_fonts/font = SubResource( 2 )
text = "Monday, September 13"
__meta__ = {
"_edit_use_anchors_": false
}

[node name="root_foo" parent="." instance=ExtResource( 6 )]
position = Vector2( 512, 160 )
scale = Vector2( -1, 1 )
