[gd_scene load_steps=210 format=2]

[ext_resource path="res://Global/RootScripts/Texting/level.gd" type="Script" id=1]
[ext_resource path="res://Global/Foo/foo.tscn" type="PackedScene" id=2]
[ext_resource path="res://camera.gd" type="Script" id=3]
[ext_resource path="res://Global/RootScripts/Texting/advance.gd" type="Script" id=4]
[ext_resource path="res://Global/Obstacles/Text/text.tscn" type="PackedScene" id=5]
[ext_resource path="res://Assets/Fonts/sanFrancisco.tres" type="DynamicFont" id=6]
[ext_resource path="res://Global/Triggers/CamChange/cam_change.tscn" type="PackedScene" id=7]
[ext_resource path="res://Global/Triggers/Checkpoint/checkpoint.tscn" type="PackedScene" id=8]
[ext_resource path="res://Assets/Audio/send.wav" type="AudioStream" id=9]
[ext_resource path="res://Assets/Audio/receive.wav" type="AudioStream" id=10]
[ext_resource path="res://Assets/Fonts/Roboto/Roboto-Bold.ttf" type="DynamicFontData" id=11]
[ext_resource path="res://Assets/squircl.png" type="Texture" id=12]
[ext_resource path="res://Assets/Audio/Music/bright_ideas.ogg" type="AudioStream" id=13]
[ext_resource path="res://Assets/arrows.png" type="Texture" id=14]
[ext_resource path="res://Assets/Fonts/Roboto/Roboto-Regular.ttf" type="DynamicFontData" id=15]
[ext_resource path="res://Global/RootScripts/Texting/convo.tscn" type="PackedScene" id=16]
[ext_resource path="res://Assets/gc.png" type="Texture" id=17]
[ext_resource path="res://Assets/unknown.png" type="Texture" id=18]

[sub_resource type="SegmentShape2D" id=1]
a = Vector2( 416, 192 )
b = Vector2( 0, 192 )

[sub_resource type="DynamicFont" id=2]
size = 20
font_data = ExtResource( 15 )

[sub_resource type="DynamicFont" id=3]
size = 12
font_data = ExtResource( 15 )

[sub_resource type="SegmentShape2D" id=4]
a = Vector2( 1024, 0 )
b = Vector2( 0, 0 )

[sub_resource type="RectangleShape2D" id=5]
extents = Vector2( 0, 0 )

[sub_resource type="SegmentShape2D" id=6]
a = Vector2( 928, -128 )
b = Vector2( -96, -128 )

[sub_resource type="RectangleShape2D" id=7]
extents = Vector2( 0, 0 )

[sub_resource type="SegmentShape2D" id=8]
a = Vector2( 640, -192 )
b = Vector2( -384, -192 )

[sub_resource type="RectangleShape2D" id=9]
extents = Vector2( 0, 0 )

[sub_resource type="RectangleShape2D" id=10]
extents = Vector2( 8, 16 )

[sub_resource type="RectangleShape2D" id=11]
extents = Vector2( 128, 8 )

[sub_resource type="RectangleShape2D" id=12]
extents = Vector2( 8, 16 )

[sub_resource type="RectangleShape2D" id=13]
extents = Vector2( 128, 8 )

[sub_resource type="SegmentShape2D" id=14]
a = Vector2( 320, -96 )
b = Vector2( -704, -96 )

[sub_resource type="RectangleShape2D" id=15]
extents = Vector2( 0, 0 )

[sub_resource type="SegmentShape2D" id=16]
a = Vector2( -416, -32 )
b = Vector2( -640, -32 )

[sub_resource type="RectangleShape2D" id=17]
extents = Vector2( 0, 0 )

[sub_resource type="RectangleShape2D" id=18]
extents = Vector2( 16, 8 )

[sub_resource type="SegmentShape2D" id=19]
a = Vector2( -80, 96 )
b = Vector2( -272, 96 )

[sub_resource type="RectangleShape2D" id=20]
extents = Vector2( 0, 0 )

[sub_resource type="SegmentShape2D" id=21]
a = Vector2( -768, 64 )
b = Vector2( -576, 64 )

[sub_resource type="RectangleShape2D" id=22]
extents = Vector2( 0, 0 )

[sub_resource type="SegmentShape2D" id=23]
a = Vector2( -288, 0 )
b = Vector2( -160, 0 )

[sub_resource type="RectangleShape2D" id=24]
extents = Vector2( 0, 0 )

[sub_resource type="SegmentShape2D" id=25]
a = Vector2( -672, 64 )
b = Vector2( -544, 64 )

[sub_resource type="RectangleShape2D" id=26]
extents = Vector2( 0, 0 )

[sub_resource type="SegmentShape2D" id=27]
a = Vector2( -288, 64 )
b = Vector2( -160, 64 )

[sub_resource type="RectangleShape2D" id=28]
extents = Vector2( 0, 0 )

[sub_resource type="SegmentShape2D" id=29]
a = Vector2( -192, -160 )
b = Vector2( -64, -160 )

[sub_resource type="RectangleShape2D" id=30]
extents = Vector2( 0, 0 )

[sub_resource type="SegmentShape2D" id=31]
a = Vector2( -512, -128 )
b = Vector2( -384, -128 )

[sub_resource type="RectangleShape2D" id=32]
extents = Vector2( 0, 0 )

[sub_resource type="SegmentShape2D" id=33]
a = Vector2( -352, -288 )
b = Vector2( -224, -288 )

[sub_resource type="RectangleShape2D" id=34]
extents = Vector2( 0, 0 )

[sub_resource type="SegmentShape2D" id=35]
a = Vector2( -864, -64 )
b = Vector2( -736, -64 )

[sub_resource type="RectangleShape2D" id=36]
extents = Vector2( 0, 0 )

[sub_resource type="RectangleShape2D" id=37]
extents = Vector2( 8, 48 )

[sub_resource type="RectangleShape2D" id=38]
extents = Vector2( 8, 48 )

[sub_resource type="RectangleShape2D" id=39]
extents = Vector2( 48, 8 )

[sub_resource type="RectangleShape2D" id=40]
extents = Vector2( 48, 8 )

[sub_resource type="SegmentShape2D" id=41]
a = Vector2( -352, 0 )
b = Vector2( -64, 0 )

[sub_resource type="RectangleShape2D" id=42]
extents = Vector2( 0, 0 )

[sub_resource type="RectangleShape2D" id=43]
extents = Vector2( 8, 128 )

[sub_resource type="RectangleShape2D" id=44]
extents = Vector2( 8, 128 )

[sub_resource type="RectangleShape2D" id=45]
extents = Vector2( 32, 8 )

[sub_resource type="SegmentShape2D" id=46]
a = Vector2( -576, 160 )
b = Vector2( -288, 160 )

[sub_resource type="RectangleShape2D" id=47]
extents = Vector2( 0, 0 )

[sub_resource type="SegmentShape2D" id=48]
a = Vector2( -704, -192 )
b = Vector2( -416, -192 )

[sub_resource type="RectangleShape2D" id=49]
extents = Vector2( 0, 0 )

[sub_resource type="RectangleShape2D" id=50]
extents = Vector2( 8, 64 )

[sub_resource type="RectangleShape2D" id=51]
extents = Vector2( 8, 64 )

[sub_resource type="SegmentShape2D" id=52]
a = Vector2( -256, 320 )
b = Vector2( -96, 320 )

[sub_resource type="RectangleShape2D" id=53]
extents = Vector2( 0, 0 )

[sub_resource type="RectangleShape2D" id=54]
extents = Vector2( 8, 144 )

[sub_resource type="RectangleShape2D" id=55]
extents = Vector2( 8, 144 )

[sub_resource type="SegmentShape2D" id=56]
a = Vector2( -256, 64 )
b = Vector2( -96, 64 )

[sub_resource type="RectangleShape2D" id=57]
extents = Vector2( 0, 0 )

[sub_resource type="SegmentShape2D" id=58]
a = Vector2( -416, 64 )
b = Vector2( -256, 64 )

[sub_resource type="RectangleShape2D" id=59]
extents = Vector2( 0, 0 )

[sub_resource type="RectangleShape2D" id=60]
extents = Vector2( 8, 160 )

[sub_resource type="RectangleShape2D" id=61]
extents = Vector2( 8, 160 )

[sub_resource type="SegmentShape2D" id=62]
a = Vector2( -160, 224 )
b = Vector2( -384, 224 )

[sub_resource type="RectangleShape2D" id=63]
extents = Vector2( 0, 0 )

[sub_resource type="RectangleShape2D" id=64]
extents = Vector2( 8, 48 )

[sub_resource type="RectangleShape2D" id=65]
extents = Vector2( 8, 48 )

[sub_resource type="SegmentShape2D" id=66]
a = Vector2( -160, -224 )
b = Vector2( -384, -224 )

[sub_resource type="RectangleShape2D" id=67]
extents = Vector2( 0, 0 )

[sub_resource type="SegmentShape2D" id=68]
a = Vector2( -320, -224 )
b = Vector2( -544, -224 )

[sub_resource type="RectangleShape2D" id=69]
extents = Vector2( 0, 0 )

[sub_resource type="RectangleShape2D" id=70]
extents = Vector2( 8, 112 )

[sub_resource type="RectangleShape2D" id=71]
extents = Vector2( 8, 112 )

[sub_resource type="SegmentShape2D" id=72]
a = Vector2( -96, 416 )
b = Vector2( -288, 416 )

[sub_resource type="RectangleShape2D" id=73]
extents = Vector2( 0, 0 )

[sub_resource type="RectangleShape2D" id=74]
extents = Vector2( 8, 96 )

[sub_resource type="RectangleShape2D" id=75]
extents = Vector2( 8, 96 )

[sub_resource type="SegmentShape2D" id=76]
a = Vector2( -96, 64 )
b = Vector2( -288, 64 )

[sub_resource type="RectangleShape2D" id=77]
extents = Vector2( 0, 0 )

[sub_resource type="SegmentShape2D" id=78]
a = Vector2( -256, 64 )
b = Vector2( -448, 64 )

[sub_resource type="RectangleShape2D" id=79]
extents = Vector2( 0, 0 )

[sub_resource type="RectangleShape2D" id=80]
extents = Vector2( 8, 96 )

[sub_resource type="RectangleShape2D" id=81]
extents = Vector2( 8, 96 )

[sub_resource type="SegmentShape2D" id=82]
a = Vector2( -96, 320 )
b = Vector2( -224, 320 )

[sub_resource type="RectangleShape2D" id=83]
extents = Vector2( 0, 0 )

[sub_resource type="RectangleShape2D" id=84]
extents = Vector2( 8, 112 )

[sub_resource type="RectangleShape2D" id=85]
extents = Vector2( 8, 112 )

[sub_resource type="SegmentShape2D" id=86]
a = Vector2( -96, 0 )
b = Vector2( -224, 0 )

[sub_resource type="RectangleShape2D" id=87]
extents = Vector2( 0, 0 )

[sub_resource type="SegmentShape2D" id=88]
a = Vector2( -256, 0 )
b = Vector2( -384, 0 )

[sub_resource type="RectangleShape2D" id=89]
extents = Vector2( 0, 0 )

[sub_resource type="RectangleShape2D" id=90]
extents = Vector2( 16, 8 )

[sub_resource type="SegmentShape2D" id=91]
a = Vector2( -256, 0 )
b = Vector2( -64, 0 )

[sub_resource type="RectangleShape2D" id=92]
extents = Vector2( 0, 0 )

[sub_resource type="RectangleShape2D" id=93]
extents = Vector2( 112, 8 )

[sub_resource type="RectangleShape2D" id=94]
extents = Vector2( 112, 8 )

[sub_resource type="RectangleShape2D" id=95]
extents = Vector2( 8, 16 )

[sub_resource type="RectangleShape2D" id=96]
extents = Vector2( 8, 16 )

[sub_resource type="SegmentShape2D" id=97]
a = Vector2( -384, 128 )
b = Vector2( -192, 128 )

[sub_resource type="RectangleShape2D" id=98]
extents = Vector2( 0, 0 )

[sub_resource type="SegmentShape2D" id=99]
a = Vector2( -704, -32 )
b = Vector2( -512, -32 )

[sub_resource type="RectangleShape2D" id=100]
extents = Vector2( 0, 0 )

[sub_resource type="SegmentShape2D" id=101]
a = Vector2( -320, 160 )
b = Vector2( -96, 160 )

[sub_resource type="RectangleShape2D" id=102]
extents = Vector2( 0, 0 )

[sub_resource type="SegmentShape2D" id=103]
a = Vector2( -320, 112 )
b = Vector2( -96, 112 )

[sub_resource type="RectangleShape2D" id=104]
extents = Vector2( 0, 0 )

[sub_resource type="RectangleShape2D" id=105]
extents = Vector2( 120, 8 )

[sub_resource type="RectangleShape2D" id=106]
extents = Vector2( 120, 8 )

[sub_resource type="RectangleShape2D" id=107]
extents = Vector2( 8, 16 )

[sub_resource type="SegmentShape2D" id=108]
a = Vector2( -576, 0 )
b = Vector2( -352, 0 )

[sub_resource type="RectangleShape2D" id=109]
extents = Vector2( 0, 0 )

[sub_resource type="SegmentShape2D" id=110]
a = Vector2( -832, 288 )
b = Vector2( -608, 288 )

[sub_resource type="RectangleShape2D" id=111]
extents = Vector2( 0, 0 )

[sub_resource type="SegmentShape2D" id=112]
a = Vector2( -368, -160 )
b = Vector2( -144, -160 )

[sub_resource type="RectangleShape2D" id=113]
extents = Vector2( 0, 0 )

[sub_resource type="RectangleShape2D" id=114]
extents = Vector2( 8, 192 )

[sub_resource type="RectangleShape2D" id=115]
extents = Vector2( 8, 192 )

[sub_resource type="RectangleShape2D" id=116]
extents = Vector2( 16, 8 )

[sub_resource type="SegmentShape2D" id=117]
a = Vector2( -480, 256 )
b = Vector2( -480, 192 )

[sub_resource type="RectangleShape2D" id=118]
extents = Vector2( 0, 0 )

[sub_resource type="SegmentShape2D" id=119]
a = Vector2( -608, -32 )
b = Vector2( -608, 32 )

[sub_resource type="RectangleShape2D" id=120]
extents = Vector2( 0, 0 )

[sub_resource type="SegmentShape2D" id=121]
a = Vector2( -416, 64 )
b = Vector2( -160, 64 )

[sub_resource type="RectangleShape2D" id=122]
extents = Vector2( 0, 0 )

[sub_resource type="RectangleShape2D" id=123]
extents = Vector2( 8, 48 )

[sub_resource type="RectangleShape2D" id=124]
extents = Vector2( 8, 48 )

[sub_resource type="RectangleShape2D" id=125]
extents = Vector2( 96, 8 )

[sub_resource type="SegmentShape2D" id=126]
a = Vector2( -640, 128 )
b = Vector2( -384, 128 )

[sub_resource type="RectangleShape2D" id=127]
extents = Vector2( 0, 0 )

[sub_resource type="SegmentShape2D" id=128]
a = Vector2( -448, -160 )
b = Vector2( -288, -160 )

[sub_resource type="RectangleShape2D" id=129]
extents = Vector2( 0, 0 )

[sub_resource type="RectangleShape2D" id=130]
extents = Vector2( 8, 16 )

[sub_resource type="RectangleShape2D" id=131]
extents = Vector2( 8, 16 )

[sub_resource type="RectangleShape2D" id=132]
extents = Vector2( 176, 8 )

[sub_resource type="RectangleShape2D" id=133]
extents = Vector2( 176, 8 )

[sub_resource type="SegmentShape2D" id=134]
a = Vector2( -544, 96 )
b = Vector2( -384, 96 )

[sub_resource type="RectangleShape2D" id=135]
extents = Vector2( 0, 0 )

[sub_resource type="SegmentShape2D" id=136]
a = Vector2( -1056, 96 )
b = Vector2( -896, 96 )

[sub_resource type="RectangleShape2D" id=137]
extents = Vector2( 0, 0 )

[sub_resource type="RectangleShape2D" id=138]
extents = Vector2( 8, 192 )

[sub_resource type="RectangleShape2D" id=139]
extents = Vector2( 8, 192 )

[sub_resource type="RectangleShape2D" id=140]
extents = Vector2( 16, 8 )

[sub_resource type="SegmentShape2D" id=141]
a = Vector2( -128, -32 )
b = Vector2( -64, -32 )

[sub_resource type="RectangleShape2D" id=142]
extents = Vector2( 0, 0 )

[sub_resource type="RectangleShape2D" id=143]
extents = Vector2( 8, 96 )

[sub_resource type="RectangleShape2D" id=144]
extents = Vector2( 8, 96 )

[sub_resource type="SegmentShape2D" id=145]
a = Vector2( -288, 128 )
b = Vector2( -224, 128 )

[sub_resource type="RectangleShape2D" id=146]
extents = Vector2( 0, 0 )

[sub_resource type="SegmentShape2D" id=147]
a = Vector2( -448, -128 )
b = Vector2( -384, -128 )

[sub_resource type="RectangleShape2D" id=148]
extents = Vector2( 0, 0 )

[sub_resource type="SegmentShape2D" id=149]
a = Vector2( -112, -82 )
b = Vector2( 16, -82 )

[sub_resource type="RectangleShape2D" id=150]
extents = Vector2( 0, 0 )

[sub_resource type="RectangleShape2D" id=151]
extents = Vector2( 168, 8 )

[sub_resource type="SegmentShape2D" id=152]
a = Vector2( -192, -256 )
b = Vector2( -64, -256 )

[sub_resource type="RectangleShape2D" id=153]
extents = Vector2( 0, 0 )

[sub_resource type="RectangleShape2D" id=154]
extents = Vector2( -8, 144 )

[sub_resource type="RectangleShape2D" id=155]
extents = Vector2( -8, 144 )

[sub_resource type="RectangleShape2D" id=156]
extents = Vector2( 48, 8 )

[sub_resource type="SegmentShape2D" id=157]
a = Vector2( -256, 256 )
b = Vector2( -128, 256 )

[sub_resource type="RectangleShape2D" id=158]
extents = Vector2( 0, 0 )

[sub_resource type="SegmentShape2D" id=159]
a = Vector2( -480, 32 )
b = Vector2( -352, 32 )

[sub_resource type="RectangleShape2D" id=160]
extents = Vector2( 0, 0 )

[sub_resource type="SegmentShape2D" id=161]
a = Vector2( -384, -192 )
b = Vector2( -160, -192 )

[sub_resource type="RectangleShape2D" id=162]
extents = Vector2( 0, 0 )

[sub_resource type="SegmentShape2D" id=163]
a = Vector2( -736, -128 )
b = Vector2( -512, -128 )

[sub_resource type="SegmentShape2D" id=164]
a = Vector2( 128, -160 )
b = Vector2( 128, 192 )

[sub_resource type="SegmentShape2D" id=165]
a = Vector2( 96, -32 )
b = Vector2( 96, 128 )

[sub_resource type="SegmentShape2D" id=166]
a = Vector2( 224, -32 )
b = Vector2( 224, 160 )

[sub_resource type="SegmentShape2D" id=167]
a = Vector2( 96, -160 )
b = Vector2( 96, 192 )

[sub_resource type="SegmentShape2D" id=168]
a = Vector2( 128, -128 )
b = Vector2( 128, 192 )

[sub_resource type="SegmentShape2D" id=169]
a = Vector2( 160, -96 )
b = Vector2( 160, 224 )

[sub_resource type="SegmentShape2D" id=170]
a = Vector2( 224, -128 )
b = Vector2( 224, 256 )

[sub_resource type="SegmentShape2D" id=171]
a = Vector2( 64, -64 )
b = Vector2( 64, 96 )

[sub_resource type="SegmentShape2D" id=172]
a = Vector2( 96, -64 )
b = Vector2( 96, 192 )

[sub_resource type="SegmentShape2D" id=173]
a = Vector2( 320, 192 )
b = Vector2( 0, 192 )

[sub_resource type="SegmentShape2D" id=174]
a = Vector2( 96, 0 )
b = Vector2( 96, 352 )

[sub_resource type="SegmentShape2D" id=175]
a = Vector2( 64, 0 )
b = Vector2( 64, 352 )

[sub_resource type="SegmentShape2D" id=176]
a = Vector2( 96, 0 )
b = Vector2( 96, 256 )

[sub_resource type="SegmentShape2D" id=177]
a = Vector2( 96, 0 )
b = Vector2( 96, 160 )

[sub_resource type="SegmentShape2D" id=178]
a = Vector2( 96, 0 )
b = Vector2( 96, 192 )

[sub_resource type="SegmentShape2D" id=179]
a = Vector2( 32, 288 )
b = Vector2( 128, 384 )

[sub_resource type="SegmentShape2D" id=180]
a = Vector2( 160, 320 )
b = Vector2( 160, 0 )

[sub_resource type="SegmentShape2D" id=181]
a = Vector2( 160, 320 )
b = Vector2( 160, 0 )

[sub_resource type="SegmentShape2D" id=182]
a = Vector2( 96, 128 )
b = Vector2( 96, 0 )

[sub_resource type="SegmentShape2D" id=183]
a = Vector2( 64, 448 )
b = Vector2( 64, 384 )

[sub_resource type="SegmentShape2D" id=184]
a = Vector2( 96, 384 )
b = Vector2( 96, 0 )

[sub_resource type="SegmentShape2D" id=185]
a = Vector2( 96, 160 )
b = Vector2( 96, 0 )

[sub_resource type="SegmentShape2D" id=186]
a = Vector2( 96, 256 )
b = Vector2( 96, 0 )

[sub_resource type="SegmentShape2D" id=187]
a = Vector2( 96, 192 )
b = Vector2( 96, 0 )

[sub_resource type="SegmentShape2D" id=188]
a = Vector2( 96, 288 )
b = Vector2( 96, 0 )

[sub_resource type="DynamicFont" id=189]
font_data = ExtResource( 11 )

[sub_resource type="DynamicFont" id=190]
font_data = ExtResource( 15 )

[sub_resource type="Gradient" id=191]
colors = PoolColorArray( 1, 1, 1, 1, 1, 1, 1, 0 )

[node name="root_lv3" type="Node2D"]
script = ExtResource( 1 )

[node name="music" type="AudioStreamPlayer" parent="."]
stream = ExtResource( 13 )
bus = "Music"

[node name="tween" type="Tween" parent="."]

[node name="camera" type="Camera2D" parent="."]
position = Vector2( 0, -768 )
anchor_mode = 0
smoothing_enabled = true
script = ExtResource( 3 )

[node name="send" type="AudioStreamPlayer2D" parent="camera"]
position = Vector2( 512, 256 )
stream = ExtResource( 9 )
bus = "Sound_FX"

[node name="receive" type="AudioStreamPlayer2D" parent="camera"]
position = Vector2( 512, 256 )
stream = ExtResource( 10 )
bus = "Sound_FX"

[node name="canvasLayer" type="CanvasLayer" parent="camera"]

[node name="colorRect" type="ColorRect" parent="camera/canvasLayer"]
margin_right = 1024.0
margin_bottom = 600.0
color = Color( 0, 0, 0, 0 )
__meta__ = {
"_edit_use_anchors_": false
}

[node name="root_convo" parent="camera/canvasLayer" instance=ExtResource( 16 )]

[node name="convo" type="Sprite" parent="camera/canvasLayer/root_convo"]
texture = ExtResource( 17 )
centered = false

[node name="unknown1" type="Sprite" parent="camera/canvasLayer/root_convo"]
position = Vector2( 531.322, 36.213 )
scale = Vector2( 0.312, 0.312 )
texture = ExtResource( 18 )

[node name="unknown2" type="Sprite" parent="camera/canvasLayer/root_convo"]
position = Vector2( 506.696, 51.933 )
scale = Vector2( 0.219, 0.212 )
texture = ExtResource( 18 )

[node name="unknown3" type="Sprite" parent="camera/canvasLayer/root_convo"]
position = Vector2( 525.052, 11.29 )
scale = Vector2( 0.15, 0.15 )
texture = ExtResource( 18 )

[node name="trigger" type="Area2D" parent="camera/canvasLayer/root_convo"]

[node name="collisionShape" type="CollisionShape2D" parent="camera/canvasLayer/root_convo/trigger"]
shape = SubResource( 1 )

[node name="letter" type="Label" parent="camera/canvasLayer/root_convo"]
margin_left = 490.0
margin_top = 10.0
margin_right = 503.0
margin_bottom = 34.0
custom_fonts/font = SubResource( 2 )
text = "A"
__meta__ = {
"_edit_use_anchors_": false
}

[node name="name" type="Label" parent="camera/canvasLayer/root_convo"]
margin_left = 488.621
margin_top = 64.0
margin_right = 535.621
margin_bottom = 79.0
custom_fonts/font = SubResource( 3 )
text = "4 People"
__meta__ = {
"_edit_use_anchors_": false
}

[node name="death_timer" type="Timer" parent="."]

[node name="advance_timer" type="Timer" parent="."]

[node name="advance" type="Area2D" parent="."]
position = Vector2( 11328, 2176 )
script = ExtResource( 4 )
__meta__ = {
"_edit_group_": true,
"_editor_description_": "4"
}

[node name="collisionShape" type="CollisionShape2D" parent="advance"]
shape = SubResource( 4 )

[node name="texts" type="Node" parent="."]

[node name="text1" parent="texts" instance=ExtResource( 5 )]
position = Vector2( 96, 320 )

[node name="collisionShape" type="CollisionShape2D" parent="texts/text1"]
shape = SubResource( 5 )

[node name="trigger" type="Area2D" parent="texts/text1"]

[node name="collisionShape" type="CollisionShape2D" parent="texts/text1/trigger"]
shape = SubResource( 6 )

[node name="data" type="Node" parent="texts/text1"]
__meta__ = {
"_editor_description_": "sender: ashe;
delay: 0.0;
flip: false;"
}

[node name="label" type="Label" parent="texts/text1"]
margin_right = 176.0
margin_bottom = 32.0
custom_fonts/font = ExtResource( 6 )
custom_constants/line_spacing = 0
text = "wooo! new gc"
__meta__ = {
"_edit_use_anchors_": false
}

[node name="text2" parent="texts" instance=ExtResource( 5 )]
position = Vector2( 384, 384 )

[node name="collisionShape" type="CollisionShape2D" parent="texts/text2"]
shape = SubResource( 7 )

[node name="trigger" type="Area2D" parent="texts/text2"]

[node name="collisionShape" type="CollisionShape2D" parent="texts/text2/trigger"]
shape = SubResource( 8 )

[node name="data" type="Node" parent="texts/text2"]
__meta__ = {
"_editor_description_": "sender: +1-555-287-7802;
delay: 1.2;
flip: false;"
}

[node name="label" type="Label" parent="texts/text2"]
margin_right = 272.0
margin_bottom = 32.0
custom_fonts/font = ExtResource( 6 )
custom_constants/line_spacing = 0
text = "Loved \"wooo! new gc\""
__meta__ = {
"_edit_use_anchors_": false
}

[node name="text3" parent="texts" instance=ExtResource( 5 )]
position = Vector2( 704, 288 )

[node name="collisionShape" type="CollisionShape2D" parent="texts/text3"]
shape = SubResource( 9 )

[node name="spikes" type="Area2D" parent="texts/text3"]

[node name="collisionShape" type="CollisionShape2D" parent="texts/text3/spikes"]
position = Vector2( -8, 16 )
shape = SubResource( 10 )

[node name="collisionShape2" type="CollisionShape2D" parent="texts/text3/spikes"]
position = Vector2( 128, -8 )
shape = SubResource( 11 )

[node name="collisionShape3" type="CollisionShape2D" parent="texts/text3/spikes"]
position = Vector2( 264, 16 )
shape = SubResource( 12 )

[node name="collisionShape4" type="CollisionShape2D" parent="texts/text3/spikes"]
position = Vector2( 128, 40 )
shape = SubResource( 13 )

[node name="trigger" type="Area2D" parent="texts/text3"]

[node name="collisionShape" type="CollisionShape2D" parent="texts/text3/trigger"]
shape = SubResource( 14 )

[node name="data" type="Node" parent="texts/text3"]
__meta__ = {
"_editor_description_": "sender: +1-555-563-2991;
delay: 1.8;
flip: false;"
}

[node name="label" type="Label" parent="texts/text3"]
margin_right = 256.0
margin_bottom = 32.0
custom_fonts/font = ExtResource( 6 )
custom_constants/line_spacing = 0
text = "Bro android etiquette"
__meta__ = {
"_edit_use_anchors_": false
}

[node name="text4" parent="texts" instance=ExtResource( 5 )]
position = Vector2( 1056, 384 )

[node name="collisionShape" type="CollisionShape2D" parent="texts/text4"]
shape = SubResource( 15 )

[node name="trigger" type="Area2D" parent="texts/text4"]

[node name="collisionShape" type="CollisionShape2D" parent="texts/text4/trigger"]
shape = SubResource( 16 )

[node name="data" type="Node" parent="texts/text4"]
__meta__ = {
"_editor_description_": "sender: +1-555-287-7802;
delay: 0.6;
flip: false;"
}

[node name="label" type="Label" parent="texts/text4"]
margin_right = 288.0
margin_bottom = 32.0
custom_fonts/font = ExtResource( 6 )
custom_constants/line_spacing = 0
text = "Oh lmao sorry \\\\(>~<)//"
__meta__ = {
"_edit_use_anchors_": false
}

[node name="text5" parent="texts" instance=ExtResource( 5 )]
position = Vector2( 1360, 256 )

[node name="collisionShape" type="CollisionShape2D" parent="texts/text5"]
shape = SubResource( 17 )

[node name="spikes" type="Area2D" parent="texts/text5"]

[node name="collisionShape" type="CollisionShape2D" parent="texts/text5/spikes"]
position = Vector2( 16, -8 )
shape = SubResource( 18 )

[node name="trigger" type="Area2D" parent="texts/text5"]

[node name="collisionShape" type="CollisionShape2D" parent="texts/text5/trigger"]
shape = SubResource( 19 )

[node name="data" type="Node" parent="texts/text5"]
__meta__ = {
"_editor_description_": "sender: null;
delay: 0.6;
flip: false;"
}

[node name="label" type="Label" parent="texts/text5"]
margin_right = 32.0
margin_bottom = 256.0
custom_fonts/font = ExtResource( 6 )
custom_constants/line_spacing = 0
__meta__ = {
"_edit_use_anchors_": false
}

[node name="text6" parent="texts" instance=ExtResource( 5 )]
position = Vector2( 1856, 288 )

[node name="collisionShape" type="CollisionShape2D" parent="texts/text6"]
shape = SubResource( 20 )

[node name="trigger" type="Area2D" parent="texts/text6"]

[node name="collisionShape" type="CollisionShape2D" parent="texts/text6/trigger"]
shape = SubResource( 21 )

[node name="data" type="Node" parent="texts/text6"]
__meta__ = {
"_editor_description_": "sender: ashe;
delay: 1.0;
flip: false;"
}

[node name="label" type="Label" parent="texts/text6"]
margin_right = 192.0
margin_bottom = 64.0
custom_fonts/font = ExtResource( 6 )
custom_constants/line_spacing = 0
text = "anyways, let's
welcome foo"
__meta__ = {
"_edit_use_anchors_": false
}

[node name="text7" parent="texts" instance=ExtResource( 5 )]
position = Vector2( 2176, 256 )

[node name="collisionShape" type="CollisionShape2D" parent="texts/text7"]
shape = SubResource( 22 )

[node name="trigger" type="Area2D" parent="texts/text7"]

[node name="collisionShape" type="CollisionShape2D" parent="texts/text7/trigger"]
shape = SubResource( 23 )

[node name="data" type="Node" parent="texts/text7"]
__meta__ = {
"_editor_description_": "sender: foo_gc;
delay: 1.0;
flip: false;"
}

[node name="label" type="Label" parent="texts/text7"]
margin_right = 104.0
margin_bottom = 32.0
custom_fonts/font = ExtResource( 6 )
custom_constants/line_spacing = 0
text = "hi guys"
__meta__ = {
"_edit_use_anchors_": false
}

[node name="text8" parent="texts" instance=ExtResource( 5 )]
position = Vector2( 2560, 192 )

[node name="collisionShape" type="CollisionShape2D" parent="texts/text8"]
shape = SubResource( 24 )

[node name="trigger" type="Area2D" parent="texts/text8"]

[node name="collisionShape" type="CollisionShape2D" parent="texts/text8/trigger"]
shape = SubResource( 25 )

[node name="data" type="Node" parent="texts/text8"]
__meta__ = {
"_editor_description_": "sender: foo_gc;
delay: 1.5;
flip: false;"
}

[node name="label" type="Label" parent="texts/text8"]
margin_right = 176.0
margin_bottom = 32.0
custom_fonts/font = ExtResource( 6 )
custom_constants/line_spacing = 0
text = "again, i guess"
__meta__ = {
"_edit_use_anchors_": false
}

[node name="text9" parent="texts" instance=ExtResource( 5 )]
position = Vector2( 2880, 96 )

[node name="collisionShape" type="CollisionShape2D" parent="texts/text9"]
shape = SubResource( 26 )

[node name="trigger" type="Area2D" parent="texts/text9"]

[node name="collisionShape" type="CollisionShape2D" parent="texts/text9/trigger"]
shape = SubResource( 27 )

[node name="data" type="Node" parent="texts/text9"]
__meta__ = {
"_editor_description_": "sender: ashe;
delay: 0.5;
flip: false;"
}

[node name="label" type="Label" parent="texts/text9"]
margin_right = 80.0
margin_bottom = 32.0
custom_fonts/font = ExtResource( 6 )
custom_constants/line_spacing = 0
text = "hi hi!"
__meta__ = {
"_edit_use_anchors_": false
}

[node name="text10" parent="texts" instance=ExtResource( 5 )]
position = Vector2( 2784, 320 )

[node name="collisionShape" type="CollisionShape2D" parent="texts/text10"]
shape = SubResource( 28 )

[node name="trigger" type="Area2D" parent="texts/text10"]

[node name="collisionShape" type="CollisionShape2D" parent="texts/text10/trigger"]
shape = SubResource( 29 )

[node name="data" type="Node" parent="texts/text10"]
__meta__ = {
"_editor_description_": "sender: +1-555-396-2847;
delay: 1.0;
flip: false;"
}

[node name="label" type="Label" parent="texts/text10"]
margin_right = 64.0
margin_bottom = 32.0
custom_fonts/font = ExtResource( 6 )
custom_constants/line_spacing = 0
text = "hey"
__meta__ = {
"_edit_use_anchors_": false
}

[node name="text11" parent="texts" instance=ExtResource( 5 )]
position = Vector2( 3104, 288 )

[node name="collisionShape" type="CollisionShape2D" parent="texts/text11"]
shape = SubResource( 30 )

[node name="trigger" type="Area2D" parent="texts/text11"]

[node name="collisionShape" type="CollisionShape2D" parent="texts/text11/trigger"]
shape = SubResource( 31 )

[node name="data" type="Node" parent="texts/text11"]
__meta__ = {
"_editor_description_": "sender: +1-555-563-2991;
delay: 1.5;
flip: false;"
}

[node name="label" type="Label" parent="texts/text11"]
margin_right = 224.0
margin_bottom = 32.0
custom_fonts/font = ExtResource( 6 )
custom_constants/line_spacing = 0
text = "Yay more friends"
__meta__ = {
"_edit_use_anchors_": false
}

[node name="text12" parent="texts" instance=ExtResource( 5 )]
position = Vector2( 2944, 448 )

[node name="collisionShape" type="CollisionShape2D" parent="texts/text12"]
shape = SubResource( 32 )

[node name="trigger" type="Area2D" parent="texts/text12"]

[node name="collisionShape" type="CollisionShape2D" parent="texts/text12/trigger"]
shape = SubResource( 33 )

[node name="data" type="Node" parent="texts/text12"]
__meta__ = {
"_editor_description_": "sender: +1-555-287-7802;
delay: 2.0;
flip: false;"
}

[node name="label" type="Label" parent="texts/text12"]
margin_right = 176.0
margin_bottom = 32.0
custom_fonts/font = ExtResource( 6 )
custom_constants/line_spacing = 0
text = "w00t! |('o ') |"
__meta__ = {
"_edit_use_anchors_": false
}

[node name="text13" parent="texts" instance=ExtResource( 5 )]
position = Vector2( 3456, 224 )

[node name="collisionShape" type="CollisionShape2D" parent="texts/text13"]
shape = SubResource( 34 )

[node name="trigger" type="Area2D" parent="texts/text13"]

[node name="collisionShape" type="CollisionShape2D" parent="texts/text13/trigger"]
shape = SubResource( 35 )

[node name="data" type="Node" parent="texts/text13"]
__meta__ = {
"_editor_description_": "sender: foo_gc;
delay: 3.0;
flip: false;"
}

[node name="label" type="Label" parent="texts/text13"]
margin_right = 352.0
margin_bottom = 64.0
custom_fonts/font = ExtResource( 6 )
custom_constants/line_spacing = 0
text = "sorry, but who is everybody?
i don't have contact info yet"
__meta__ = {
"_edit_use_anchors_": false
}

[node name="text14" parent="texts" instance=ExtResource( 5 )]
position = Vector2( 3840, 192 )

[node name="collisionShape" type="CollisionShape2D" parent="texts/text14"]
shape = SubResource( 36 )

[node name="spikes" type="Area2D" parent="texts/text14"]

[node name="collisionShape" type="CollisionShape2D" parent="texts/text14/spikes"]
position = Vector2( -8, 48 )
shape = SubResource( 37 )

[node name="collisionShape2" type="CollisionShape2D" parent="texts/text14/spikes"]
position = Vector2( 104, 48 )
shape = SubResource( 38 )

[node name="collisionShape3" type="CollisionShape2D" parent="texts/text14/spikes"]
position = Vector2( 48, -8 )
shape = SubResource( 39 )

[node name="collisionShape4" type="CollisionShape2D" parent="texts/text14/spikes"]
position = Vector2( 48, 104 )
shape = SubResource( 40 )

[node name="trigger" type="Area2D" parent="texts/text14"]

[node name="collisionShape" type="CollisionShape2D" parent="texts/text14/trigger"]
shape = SubResource( 41 )

[node name="data" type="Node" parent="texts/text14"]
__meta__ = {
"_editor_description_": "sender: null;
delay: 0.5;
flip: false;"
}

[node name="label" type="Label" parent="texts/text14"]
margin_right = 96.0
margin_bottom = 96.0
custom_fonts/font = ExtResource( 6 )
custom_constants/line_spacing = 0
__meta__ = {
"_edit_use_anchors_": false
}

[node name="text15" parent="texts" instance=ExtResource( 5 )]
position = Vector2( 4064, 32 )

[node name="collisionShape" type="CollisionShape2D" parent="texts/text15"]
shape = SubResource( 42 )

[node name="spikes" type="Area2D" parent="texts/text15"]

[node name="collisionShape" type="CollisionShape2D" parent="texts/text15/spikes"]
position = Vector2( -8, 128 )
shape = SubResource( 43 )

[node name="collisionShape2" type="CollisionShape2D" parent="texts/text15/spikes"]
position = Vector2( 72, 128 )
shape = SubResource( 44 )

[node name="collisionShape3" type="CollisionShape2D" parent="texts/text15/spikes"]
position = Vector2( 32, 264 )
shape = SubResource( 45 )

[node name="trigger" type="Area2D" parent="texts/text15"]

[node name="collisionShape" type="CollisionShape2D" parent="texts/text15/trigger"]
shape = SubResource( 46 )

[node name="data" type="Node" parent="texts/text15"]
__meta__ = {
"_editor_description_": "sender: null;
delay: 1.0;
flip: true;"
}

[node name="label" type="Label" parent="texts/text15"]
margin_right = 64.0
margin_bottom = 256.0
custom_fonts/font = ExtResource( 6 )
custom_constants/line_spacing = 0
__meta__ = {
"_edit_use_anchors_": false
}

[node name="text16" parent="texts" instance=ExtResource( 5 )]
position = Vector2( 4192, 384 )

[node name="collisionShape" type="CollisionShape2D" parent="texts/text16"]
shape = SubResource( 47 )

[node name="trigger" type="Area2D" parent="texts/text16"]

[node name="collisionShape" type="CollisionShape2D" parent="texts/text16/trigger"]
shape = SubResource( 48 )

[node name="data" type="Node" parent="texts/text16"]
__meta__ = {
"_editor_description_": "sender: ashe;
delay: 1.5;
flip: false;"
}

[node name="label" type="Label" parent="texts/text16"]
margin_right = 192.0
margin_bottom = 64.0
custom_fonts/font = ExtResource( 6 )
custom_constants/line_spacing = 0
text = "oh yea, that's
important haha"
__meta__ = {
"_edit_use_anchors_": false
}

[node name="text17" parent="texts" instance=ExtResource( 5 )]
position = Vector2( 4480, 32 )

[node name="collisionShape" type="CollisionShape2D" parent="texts/text17"]
shape = SubResource( 49 )

[node name="spikes" type="Area2D" parent="texts/text17"]

[node name="collisionShape" type="CollisionShape2D" parent="texts/text17/spikes"]
position = Vector2( -8, 64 )
shape = SubResource( 50 )

[node name="collisionShape2" type="CollisionShape2D" parent="texts/text17/spikes"]
position = Vector2( 72, 64 )
shape = SubResource( 51 )

[node name="collisionShape3" type="CollisionShape2D" parent="texts/text17/spikes"]
position = Vector2( 32, 136 )
shape = SubResource( 45 )

[node name="trigger" type="Area2D" parent="texts/text17"]

[node name="collisionShape" type="CollisionShape2D" parent="texts/text17/trigger"]
shape = SubResource( 52 )

[node name="data" type="Node" parent="texts/text17"]
__meta__ = {
"_editor_description_": "sender: null;
delay: 0.5;
flip: true;"
}

[node name="label" type="Label" parent="texts/text17"]
margin_right = 64.0
margin_bottom = 128.0
custom_fonts/font = ExtResource( 6 )
custom_constants/line_spacing = 0
__meta__ = {
"_edit_use_anchors_": false
}

[node name="text18" parent="texts" instance=ExtResource( 5 )]
position = Vector2( 4480, 288 )

[node name="collisionShape" type="CollisionShape2D" parent="texts/text18"]
shape = SubResource( 53 )

[node name="spikes" type="Area2D" parent="texts/text18"]

[node name="collisionShape" type="CollisionShape2D" parent="texts/text18/spikes"]
position = Vector2( -8, 144 )
shape = SubResource( 54 )

[node name="collisionShape2" type="CollisionShape2D" parent="texts/text18/spikes"]
position = Vector2( 72, 144 )
shape = SubResource( 55 )

[node name="collisionShape3" type="CollisionShape2D" parent="texts/text18/spikes"]
position = Vector2( 32, -8 )
shape = SubResource( 45 )

[node name="trigger" type="Area2D" parent="texts/text18"]

[node name="collisionShape" type="CollisionShape2D" parent="texts/text18/trigger"]
shape = SubResource( 56 )

[node name="data" type="Node" parent="texts/text18"]
__meta__ = {
"_editor_description_": "sender: null;
delay: 0.5;
flip: false;"
}

[node name="label" type="Label" parent="texts/text18"]
margin_right = 64.0
margin_bottom = 288.0
custom_fonts/font = ExtResource( 6 )
custom_constants/line_spacing = 0
__meta__ = {
"_edit_use_anchors_": false
}

[node name="text19" parent="texts" instance=ExtResource( 5 )]
position = Vector2( 4640, 288 )

[node name="collisionShape" type="CollisionShape2D" parent="texts/text19"]
shape = SubResource( 57 )

[node name="trigger" type="Area2D" parent="texts/text19"]

[node name="collisionShape" type="CollisionShape2D" parent="texts/text19/trigger"]
shape = SubResource( 58 )

[node name="data" type="Node" parent="texts/text19"]
__meta__ = {
"_editor_description_": "sender: ashe;
delay: 1.0;
flip: false;"
}

[node name="label" type="Label" parent="texts/text19"]
margin_right = 272.0
margin_bottom = 64.0
custom_fonts/font = ExtResource( 6 )
custom_constants/line_spacing = 0
text = "ashe (she/her), but ig
you already knew that"
__meta__ = {
"_edit_use_anchors_": false
}

[node name="text20" parent="texts" instance=ExtResource( 5 )]
position = Vector2( 5056, 32 )

[node name="collisionShape" type="CollisionShape2D" parent="texts/text20"]
shape = SubResource( 59 )

[node name="spikes" type="Area2D" parent="texts/text20"]

[node name="collisionShape" type="CollisionShape2D" parent="texts/text20/spikes"]
position = Vector2( -8, 160 )
shape = SubResource( 60 )

[node name="collisionShape2" type="CollisionShape2D" parent="texts/text20/spikes"]
position = Vector2( 72, 160 )
shape = SubResource( 61 )

[node name="collisionShape3" type="CollisionShape2D" parent="texts/text20/spikes"]
position = Vector2( 32, 328 )
shape = SubResource( 45 )

[node name="trigger" type="Area2D" parent="texts/text20"]

[node name="collisionShape" type="CollisionShape2D" parent="texts/text20/trigger"]
shape = SubResource( 62 )

[node name="data" type="Node" parent="texts/text20"]
__meta__ = {
"_editor_description_": "sender: null;
delay: 0.5;
flip: true;"
}

[node name="label" type="Label" parent="texts/text20"]
margin_right = 64.0
margin_bottom = 320.0
custom_fonts/font = ExtResource( 6 )
custom_constants/line_spacing = 0
__meta__ = {
"_edit_use_anchors_": false
}

[node name="text21" parent="texts" instance=ExtResource( 5 )]
position = Vector2( 5056, 480 )

[node name="collisionShape" type="CollisionShape2D" parent="texts/text21"]
shape = SubResource( 63 )

[node name="spikes" type="Area2D" parent="texts/text21"]

[node name="collisionShape" type="CollisionShape2D" parent="texts/text21/spikes"]
position = Vector2( -8, 48 )
shape = SubResource( 64 )

[node name="collisionShape2" type="CollisionShape2D" parent="texts/text21/spikes"]
position = Vector2( 72, 48 )
shape = SubResource( 65 )

[node name="collisionShape3" type="CollisionShape2D" parent="texts/text21/spikes"]
position = Vector2( 32, -8 )
shape = SubResource( 45 )

[node name="trigger" type="Area2D" parent="texts/text21"]

[node name="collisionShape" type="CollisionShape2D" parent="texts/text21/trigger"]
shape = SubResource( 66 )

[node name="data" type="Node" parent="texts/text21"]
__meta__ = {
"_editor_description_": "sender: null;
delay: 0.5;
flip: false;"
}

[node name="label" type="Label" parent="texts/text21"]
margin_right = 64.0
margin_bottom = 96.0
custom_fonts/font = ExtResource( 6 )
custom_constants/line_spacing = 0
__meta__ = {
"_edit_use_anchors_": false
}

[node name="text22" parent="texts" instance=ExtResource( 5 )]
position = Vector2( 5216, 480 )

[node name="collisionShape" type="CollisionShape2D" parent="texts/text22"]
shape = SubResource( 67 )

[node name="trigger" type="Area2D" parent="texts/text22"]

[node name="collisionShape" type="CollisionShape2D" parent="texts/text22/trigger"]
shape = SubResource( 68 )

[node name="data" type="Node" parent="texts/text22"]
__meta__ = {
"_editor_description_": "sender: +1-555-563-2991;
delay: 1.0;
flip: false;"
}

[node name="label" type="Label" parent="texts/text22"]
margin_right = 224.0
margin_bottom = 32.0
custom_fonts/font = ExtResource( 6 )
custom_constants/line_spacing = 0
text = "Kerry they/them"
__meta__ = {
"_edit_use_anchors_": false
}

[node name="text23" parent="texts" instance=ExtResource( 5 )]
position = Vector2( 5504, 32 )

[node name="collisionShape" type="CollisionShape2D" parent="texts/text23"]
shape = SubResource( 69 )

[node name="spikes" type="Area2D" parent="texts/text23"]

[node name="collisionShape" type="CollisionShape2D" parent="texts/text23/spikes"]
position = Vector2( -8, 112 )
shape = SubResource( 70 )

[node name="collisionShape2" type="CollisionShape2D" parent="texts/text23/spikes"]
position = Vector2( 72, 112 )
shape = SubResource( 71 )

[node name="collisionShape3" type="CollisionShape2D" parent="texts/text23/spikes"]
position = Vector2( 32, 232 )
shape = SubResource( 45 )

[node name="trigger" type="Area2D" parent="texts/text23"]

[node name="collisionShape" type="CollisionShape2D" parent="texts/text23/trigger"]
shape = SubResource( 72 )

[node name="data" type="Node" parent="texts/text23"]
__meta__ = {
"_editor_description_": "sender: null;
delay: 0.5;
flip: true;"
}

[node name="label" type="Label" parent="texts/text23"]
margin_right = 64.0
margin_bottom = 224.0
custom_fonts/font = ExtResource( 6 )
custom_constants/line_spacing = 0
__meta__ = {
"_edit_use_anchors_": false
}

[node name="text24" parent="texts" instance=ExtResource( 5 )]
position = Vector2( 5504, 384 )

[node name="collisionShape" type="CollisionShape2D" parent="texts/text24"]
shape = SubResource( 73 )

[node name="spikes" type="Area2D" parent="texts/text24"]

[node name="collisionShape" type="CollisionShape2D" parent="texts/text24/spikes"]
position = Vector2( -8, 96 )
shape = SubResource( 74 )

[node name="collisionShape2" type="CollisionShape2D" parent="texts/text24/spikes"]
position = Vector2( 72, 96 )
shape = SubResource( 75 )

[node name="collisionShape3" type="CollisionShape2D" parent="texts/text24/spikes"]
position = Vector2( 32, -8 )
shape = SubResource( 45 )

[node name="trigger" type="Area2D" parent="texts/text24"]

[node name="collisionShape" type="CollisionShape2D" parent="texts/text24/trigger"]
shape = SubResource( 76 )

[node name="data" type="Node" parent="texts/text24"]
__meta__ = {
"_editor_description_": "sender: null;
delay: 0.5;
flip: false;"
}

[node name="label" type="Label" parent="texts/text24"]
margin_right = 64.0
margin_bottom = 192.0
custom_fonts/font = ExtResource( 6 )
custom_constants/line_spacing = 0
__meta__ = {
"_edit_use_anchors_": false
}

[node name="text25" parent="texts" instance=ExtResource( 5 )]
position = Vector2( 5664, 384 )

[node name="collisionShape" type="CollisionShape2D" parent="texts/text25"]
shape = SubResource( 77 )

[node name="trigger" type="Area2D" parent="texts/text25"]

[node name="collisionShape" type="CollisionShape2D" parent="texts/text25/trigger"]
shape = SubResource( 78 )

[node name="data" type="Node" parent="texts/text25"]
__meta__ = {
"_editor_description_": "sender: +1-555-396-2847;
delay: 1.0;
flip: false;"
}

[node name="label" type="Label" parent="texts/text25"]
margin_right = 160.0
margin_bottom = 32.0
custom_fonts/font = ExtResource( 6 )
custom_constants/line_spacing = 0
text = "bar he/they"
__meta__ = {
"_edit_use_anchors_": false
}

[node name="text26" parent="texts" instance=ExtResource( 5 )]
position = Vector2( 5888, 32 )

[node name="collisionShape" type="CollisionShape2D" parent="texts/text26"]
shape = SubResource( 79 )

[node name="spikes" type="Area2D" parent="texts/text26"]

[node name="collisionShape" type="CollisionShape2D" parent="texts/text26/spikes"]
position = Vector2( -8, 96 )
shape = SubResource( 80 )

[node name="collisionShape2" type="CollisionShape2D" parent="texts/text26/spikes"]
position = Vector2( 72, 96 )
shape = SubResource( 81 )

[node name="collisionShape3" type="CollisionShape2D" parent="texts/text26/spikes"]
position = Vector2( 32, 200 )
shape = SubResource( 45 )

[node name="trigger" type="Area2D" parent="texts/text26"]

[node name="collisionShape" type="CollisionShape2D" parent="texts/text26/trigger"]
shape = SubResource( 82 )

[node name="data" type="Node" parent="texts/text26"]
__meta__ = {
"_editor_description_": "sender: null;
delay: 0.5;
flip: true;"
}

[node name="label" type="Label" parent="texts/text26"]
margin_right = 64.0
margin_bottom = 192.0
custom_fonts/font = ExtResource( 6 )
custom_constants/line_spacing = 0
__meta__ = {
"_edit_use_anchors_": false
}

[node name="text27" parent="texts" instance=ExtResource( 5 )]
position = Vector2( 5888, 352 )

[node name="collisionShape" type="CollisionShape2D" parent="texts/text27"]
shape = SubResource( 83 )

[node name="spikes" type="Area2D" parent="texts/text27"]

[node name="collisionShape" type="CollisionShape2D" parent="texts/text27/spikes"]
position = Vector2( -8, 112 )
shape = SubResource( 84 )

[node name="collisionShape2" type="CollisionShape2D" parent="texts/text27/spikes"]
position = Vector2( 72, 112 )
shape = SubResource( 85 )

[node name="collisionShape3" type="CollisionShape2D" parent="texts/text27/spikes"]
position = Vector2( 32, -8 )
shape = SubResource( 45 )

[node name="trigger" type="Area2D" parent="texts/text27"]

[node name="collisionShape" type="CollisionShape2D" parent="texts/text27/trigger"]
shape = SubResource( 86 )

[node name="data" type="Node" parent="texts/text27"]
__meta__ = {
"_editor_description_": "sender: null;
delay: 0.5;
flip: false;"
}

[node name="label" type="Label" parent="texts/text27"]
margin_right = 64.0
margin_bottom = 224.0
custom_fonts/font = ExtResource( 6 )
custom_constants/line_spacing = 0
__meta__ = {
"_edit_use_anchors_": false
}

[node name="text28" parent="texts" instance=ExtResource( 5 )]
position = Vector2( 6048, 352 )

[node name="collisionShape" type="CollisionShape2D" parent="texts/text28"]
shape = SubResource( 87 )

[node name="trigger" type="Area2D" parent="texts/text28"]

[node name="collisionShape" type="CollisionShape2D" parent="texts/text28/trigger"]
shape = SubResource( 88 )

[node name="data" type="Node" parent="texts/text28"]
__meta__ = {
"_editor_description_": "sender: +1-555-287-7802;
delay: 1.0;
flip: false;"
}

[node name="label" type="Label" parent="texts/text28"]
margin_right = 272.0
margin_bottom = 64.0
custom_fonts/font = ExtResource( 6 )
custom_constants/line_spacing = 0
text = "Hana >///< call me
anything, idgaf xdxd"
__meta__ = {
"_edit_use_anchors_": false
}

[node name="text29" parent="texts" instance=ExtResource( 5 )]
position = Vector2( 6336, 320 )

[node name="collisionShape" type="CollisionShape2D" parent="texts/text29"]
shape = SubResource( 89 )

[node name="spikes" type="Area2D" parent="texts/text29"]

[node name="collisionShape" type="CollisionShape2D" parent="texts/text29/spikes"]
position = Vector2( 16, -8 )
shape = SubResource( 90 )

[node name="trigger" type="Area2D" parent="texts/text29"]

[node name="collisionShape" type="CollisionShape2D" parent="texts/text29/trigger"]
shape = SubResource( 91 )

[node name="data" type="Node" parent="texts/text29"]
__meta__ = {
"_editor_description_": "sender: null;
delay: 0.5;
flip: false;"
}

[node name="label" type="Label" parent="texts/text29"]
margin_right = 32.0
margin_bottom = 256.0
custom_fonts/font = ExtResource( 6 )
custom_constants/line_spacing = 0
__meta__ = {
"_edit_use_anchors_": false
}

[node name="text30" parent="texts" instance=ExtResource( 5 )]
position = Vector2( 6464, 192 )

[node name="collisionShape" type="CollisionShape2D" parent="texts/text30"]
shape = SubResource( 92 )

[node name="spikes" type="Area2D" parent="texts/text30"]

[node name="collisionShape" type="CollisionShape2D" parent="texts/text30/spikes"]
position = Vector2( 112, -8 )
shape = SubResource( 93 )

[node name="collisionShape2" type="CollisionShape2D" parent="texts/text30/spikes"]
position = Vector2( 112, 40 )
shape = SubResource( 94 )

[node name="collisionShape3" type="CollisionShape2D" parent="texts/text30/spikes"]
position = Vector2( -8, 16 )
shape = SubResource( 95 )

[node name="collisionShape4" type="CollisionShape2D" parent="texts/text30/spikes"]
position = Vector2( 232, 16 )
shape = SubResource( 96 )

[node name="trigger" type="Area2D" parent="texts/text30"]

[node name="collisionShape" type="CollisionShape2D" parent="texts/text30/trigger"]
shape = SubResource( 97 )

[node name="data" type="Node" parent="texts/text30"]
__meta__ = {
"_editor_description_": "sender: null;
delay: 1.0;
flip: true;"
}

[node name="label" type="Label" parent="texts/text30"]
margin_right = 224.0
margin_bottom = 32.0
custom_fonts/font = ExtResource( 6 )
custom_constants/line_spacing = 0
__meta__ = {
"_edit_use_anchors_": false
}

[node name="text31" parent="texts" instance=ExtResource( 5 )]
position = Vector2( 6784, 352 )

[node name="collisionShape" type="CollisionShape2D" parent="texts/text31"]
shape = SubResource( 98 )

[node name="trigger" type="Area2D" parent="texts/text31"]

[node name="collisionShape" type="CollisionShape2D" parent="texts/text31/trigger"]
shape = SubResource( 99 )

[node name="data" type="Node" parent="texts/text31"]
__meta__ = {
"_editor_description_": "sender: ashe;
delay: 1.5;
flip: false;"
}

[node name="label" type="Label" parent="texts/text31"]
margin_right = 272.0
margin_bottom = 32.0
custom_fonts/font = ExtResource( 6 )
custom_constants/line_spacing = 0
text = "this is gonna be great"
__meta__ = {
"_edit_use_anchors_": false
}

[node name="text32" parent="texts" instance=ExtResource( 5 )]
position = Vector2( 7136, 160 )

[node name="collisionShape" type="CollisionShape2D" parent="texts/text32"]
shape = SubResource( 100 )

[node name="trigger" type="Area2D" parent="texts/text32"]

[node name="collisionShape" type="CollisionShape2D" parent="texts/text32/trigger"]
shape = SubResource( 101 )

[node name="data" type="Node" parent="texts/text32"]
__meta__ = {
"_editor_description_": "sender: ashe;
delay: 0.5;
flip: false;"
}

[node name="label" type="Label" parent="texts/text32"]
margin_right = 384.0
margin_bottom = 32.0
custom_fonts/font = ExtResource( 6 )
custom_constants/line_spacing = 0
text = "not to brag, but we're pretty fun"
__meta__ = {
"_edit_use_anchors_": false
}

[node name="text33" parent="texts" instance=ExtResource( 5 )]
position = Vector2( 7136, 208 )

[node name="collisionShape" type="CollisionShape2D" parent="texts/text33"]
shape = SubResource( 102 )

[node name="trigger" type="Area2D" parent="texts/text33"]

[node name="collisionShape" type="CollisionShape2D" parent="texts/text33/trigger"]
shape = SubResource( 103 )

[node name="data" type="Node" parent="texts/text33"]
__meta__ = {
"_editor_description_": "sender: null;
delay: 1.0;
flip: false;"
}

[node name="label" type="Label" parent="texts/text33"]
margin_right = 32.0
margin_bottom = 336.0
custom_fonts/font = ExtResource( 6 )
custom_constants/line_spacing = 0
__meta__ = {
"_edit_use_anchors_": false
}

[node name="text34" parent="texts" instance=ExtResource( 5 )]
position = Vector2( 7392, 320 )

[node name="collisionShape" type="CollisionShape2D" parent="texts/text34"]
shape = SubResource( 104 )

[node name="spikes" type="Area2D" parent="texts/text34"]

[node name="collisionShape" type="CollisionShape2D" parent="texts/text34/spikes"]
position = Vector2( 120, -8 )
shape = SubResource( 105 )

[node name="collisionShape2" type="CollisionShape2D" parent="texts/text34/spikes"]
position = Vector2( 120, 40 )
shape = SubResource( 106 )

[node name="collisionShape3" type="CollisionShape2D" parent="texts/text34/spikes"]
position = Vector2( -8, 16 )
shape = SubResource( 107 )

[node name="trigger" type="Area2D" parent="texts/text34"]

[node name="collisionShape" type="CollisionShape2D" parent="texts/text34/trigger"]
shape = SubResource( 108 )

[node name="data" type="Node" parent="texts/text34"]
__meta__ = {
"_editor_description_": "sender: alissa;
delay: 1.5;
flip: false;"
}

[node name="label" type="Label" parent="texts/text34"]
margin_right = 240.0
margin_bottom = 32.0
custom_fonts/font = ExtResource( 6 )
custom_constants/line_spacing = 0
text = "Most of us anyway"
__meta__ = {
"_edit_use_anchors_": false
}

[node name="text35" parent="texts" instance=ExtResource( 5 )]
position = Vector2( 7648, 32 )

[node name="collisionShape" type="CollisionShape2D" parent="texts/text35"]
shape = SubResource( 109 )

[node name="trigger" type="Area2D" parent="texts/text35"]

[node name="collisionShape" type="CollisionShape2D" parent="texts/text35/trigger"]
shape = SubResource( 110 )

[node name="data" type="Node" parent="texts/text35"]
__meta__ = {
"_editor_description_": "sender: null;
delay: 2.0;
flip: true;"
}

[node name="label" type="Label" parent="texts/text35"]
margin_right = 32.0
margin_bottom = 352.0
custom_fonts/font = ExtResource( 6 )
custom_constants/line_spacing = 0
__meta__ = {
"_edit_use_anchors_": false
}

[node name="text36" parent="texts" instance=ExtResource( 5 )]
position = Vector2( 7184, 480 )

[node name="collisionShape" type="CollisionShape2D" parent="texts/text36"]
shape = SubResource( 111 )

[node name="trigger" type="Area2D" parent="texts/text36"]

[node name="collisionShape" type="CollisionShape2D" parent="texts/text36/trigger"]
shape = SubResource( 112 )

[node name="data" type="Node" parent="texts/text36"]
__meta__ = {
"_editor_description_": "sender: bar;
delay: 2.5;
flip: false;"
}

[node name="label" type="Label" parent="texts/text36"]
margin_right = 496.0
margin_bottom = 64.0
custom_fonts/font = ExtResource( 6 )
custom_constants/line_spacing = 0
text = "that was one time and your definition of
fun has been distorted beyond repair"
__meta__ = {
"_edit_use_anchors_": false
}

[node name="text37" parent="texts" instance=ExtResource( 5 )]
position = Vector2( 8064, 192 )

[node name="collisionShape" type="CollisionShape2D" parent="texts/text37"]
shape = SubResource( 113 )

[node name="spikes" type="Area2D" parent="texts/text37"]

[node name="collisionShape" type="CollisionShape2D" parent="texts/text37/spikes"]
position = Vector2( -8, 192 )
shape = SubResource( 114 )

[node name="collisionShape2" type="CollisionShape2D" parent="texts/text37/spikes"]
position = Vector2( 40, 192 )
shape = SubResource( 115 )

[node name="collisionShape3" type="CollisionShape2D" parent="texts/text37/spikes"]
position = Vector2( 16, -8 )
shape = SubResource( 116 )

[node name="trigger" type="Area2D" parent="texts/text37"]

[node name="collisionShape" type="CollisionShape2D" parent="texts/text37/trigger"]
shape = SubResource( 117 )

[node name="data" type="Node" parent="texts/text37"]
__meta__ = {
"_editor_description_": "sender: null;
delay: 0.5;
flip: false;"
}

[node name="label" type="Label" parent="texts/text37"]
margin_right = 32.0
margin_bottom = 384.0
custom_fonts/font = ExtResource( 6 )
custom_constants/line_spacing = 0
__meta__ = {
"_edit_use_anchors_": false
}

[node name="text38" parent="texts" instance=ExtResource( 5 )]
position = Vector2( 8192, 416 )

[node name="collisionShape" type="CollisionShape2D" parent="texts/text38"]
shape = SubResource( 118 )

[node name="trigger" type="Area2D" parent="texts/text38"]

[node name="collisionShape" type="CollisionShape2D" parent="texts/text38/trigger"]
shape = SubResource( 119 )

[node name="data" type="Node" parent="texts/text38"]
__meta__ = {
"_editor_description_": "sender: hana;
delay: 0.2;
flip: false;"
}

[node name="label" type="Label" parent="texts/text38"]
margin_right = 304.0
margin_bottom = 96.0
custom_fonts/font = ExtResource( 6 )
custom_constants/line_spacing = 0
text = "Lads, it's first week of
school. We should do
something this weekend"
__meta__ = {
"_edit_use_anchors_": false
}

[node name="text39" parent="texts" instance=ExtResource( 5 )]
position = Vector2( 8640, 320 )

[node name="collisionShape" type="CollisionShape2D" parent="texts/text39"]
shape = SubResource( 120 )

[node name="trigger" type="Area2D" parent="texts/text39"]

[node name="collisionShape" type="CollisionShape2D" parent="texts/text39/trigger"]
shape = SubResource( 121 )

[node name="data" type="Node" parent="texts/text39"]
__meta__ = {
"_editor_description_": "sender: ashe;
delay: 0.5;
flip: false;"
}

[node name="label" type="Label" parent="texts/text39"]
margin_right = 160.0
margin_bottom = 32.0
custom_fonts/font = ExtResource( 6 )
custom_constants/line_spacing = 0
text = "ooooo, yes!"
__meta__ = {
"_edit_use_anchors_": false
}

[node name="text40" parent="texts" instance=ExtResource( 5 )]
position = Vector2( 8864, 256 )

[node name="collisionShape" type="CollisionShape2D" parent="texts/text40"]
shape = SubResource( 122 )

[node name="spikes" type="Area2D" parent="texts/text40"]

[node name="collisionShape" type="CollisionShape2D" parent="texts/text40/spikes"]
position = Vector2( -8, 48 )
shape = SubResource( 123 )

[node name="collisionShape2" type="CollisionShape2D" parent="texts/text40/spikes"]
position = Vector2( 200, 48 )
shape = SubResource( 124 )

[node name="collisionShape3" type="CollisionShape2D" parent="texts/text40/spikes"]
position = Vector2( 96, -8 )
shape = SubResource( 125 )

[node name="trigger" type="Area2D" parent="texts/text40"]

[node name="collisionShape" type="CollisionShape2D" parent="texts/text40/trigger"]
shape = SubResource( 126 )

[node name="data" type="Node" parent="texts/text40"]
__meta__ = {
"_editor_description_": "sender: alissa;
delay: 1.0;
flip: false;"
}

[node name="label" type="Label" parent="texts/text40"]
margin_right = 192.0
margin_bottom = 96.0
custom_fonts/font = ExtResource( 6 )
custom_constants/line_spacing = 0
text = "Ugh that's too
long I can't wait
an entire week"
__meta__ = {
"_edit_use_anchors_": false
}

[node name="text41" parent="texts" instance=ExtResource( 5 )]
position = Vector2( 9088, 448 )

[node name="collisionShape" type="CollisionShape2D" parent="texts/text41"]
shape = SubResource( 127 )

[node name="trigger" type="Area2D" parent="texts/text41"]

[node name="collisionShape" type="CollisionShape2D" parent="texts/text41/trigger"]
shape = SubResource( 128 )

[node name="data" type="Node" parent="texts/text41"]
__meta__ = {
"_editor_description_": "sender: ashe;
delay: 0.5;
flip: false;"
}

[node name="label" type="Label" parent="texts/text41"]
margin_right = 336.0
margin_bottom = 120.0
custom_fonts/font = ExtResource( 6 )
custom_constants/line_spacing = 0
text = "bar and i have nso starting
wednesday, so we won't be
able to do anything until the
weekend"
__meta__ = {
"_edit_use_anchors_": false
}

[node name="text42" parent="texts" instance=ExtResource( 5 )]
position = Vector2( 9184, 192 )

[node name="collisionShape" type="CollisionShape2D" parent="texts/text42"]
shape = SubResource( 129 )

[node name="spikes" type="Area2D" parent="texts/text42"]

[node name="collisionShape" type="CollisionShape2D" parent="texts/text42/spikes"]
position = Vector2( -8, 16 )
shape = SubResource( 130 )

[node name="collisionShape2" type="CollisionShape2D" parent="texts/text42/spikes"]
position = Vector2( 360, 16 )
shape = SubResource( 131 )

[node name="collisionShape3" type="CollisionShape2D" parent="texts/text42/spikes"]
position = Vector2( 176, -8 )
shape = SubResource( 132 )

[node name="collisionShape4" type="CollisionShape2D" parent="texts/text42/spikes"]
position = Vector2( 176, 40 )
shape = SubResource( 133 )

[node name="trigger" type="Area2D" parent="texts/text42"]

[node name="collisionShape" type="CollisionShape2D" parent="texts/text42/trigger"]
shape = SubResource( 134 )

[node name="data" type="Node" parent="texts/text42"]
__meta__ = {
"_editor_description_": "sender: null;
delay: 1.0;
flip: true;"
}

[node name="label" type="Label" parent="texts/text42"]
margin_right = 352.0
margin_bottom = 32.0
custom_fonts/font = ExtResource( 6 )
custom_constants/line_spacing = 0
__meta__ = {
"_edit_use_anchors_": false
}

[node name="text43" parent="texts" instance=ExtResource( 5 )]
position = Vector2( 9696, 192 )

[node name="collisionShape" type="CollisionShape2D" parent="texts/text43"]
shape = SubResource( 135 )

[node name="trigger" type="Area2D" parent="texts/text43"]

[node name="collisionShape" type="CollisionShape2D" parent="texts/text43/trigger"]
shape = SubResource( 136 )

[node name="data" type="Node" parent="texts/text43"]
__meta__ = {
"_editor_description_": "sender: bar;
delay: 1.5;
flip: false;"
}

[node name="label" type="Label" parent="texts/text43"]
margin_right = 112.0
margin_bottom = 32.0
custom_fonts/font = ExtResource( 6 )
custom_constants/line_spacing = 0
text = "ye sorry"
__meta__ = {
"_edit_use_anchors_": false
}

[node name="text44" parent="texts" instance=ExtResource( 5 )]
position = Vector2( 9856, 192 )

[node name="collisionShape" type="CollisionShape2D" parent="texts/text44"]
shape = SubResource( 137 )

[node name="spikes" type="Area2D" parent="texts/text44"]

[node name="collisionShape" type="CollisionShape2D" parent="texts/text44/spikes"]
position = Vector2( -8, 192 )
shape = SubResource( 138 )

[node name="collisionShape2" type="CollisionShape2D" parent="texts/text44/spikes"]
position = Vector2( 40, 192 )
shape = SubResource( 139 )

[node name="collisionShape3" type="CollisionShape2D" parent="texts/text44/spikes"]
position = Vector2( 16, -8 )
shape = SubResource( 140 )

[node name="trigger" type="Area2D" parent="texts/text44"]

[node name="collisionShape" type="CollisionShape2D" parent="texts/text44/trigger"]
shape = SubResource( 141 )

[node name="data" type="Node" parent="texts/text44"]
__meta__ = {
"_editor_description_": "sender: null;
delay: 0.5;
flip: false;"
}

[node name="label" type="Label" parent="texts/text44"]
margin_right = 32.0
margin_bottom = 384.0
custom_fonts/font = ExtResource( 6 )
custom_constants/line_spacing = 0
__meta__ = {
"_edit_use_anchors_": false
}

[node name="text45" parent="texts" instance=ExtResource( 5 )]
position = Vector2( 10016, 32 )

[node name="collisionShape" type="CollisionShape2D" parent="texts/text45"]
shape = SubResource( 142 )

[node name="spikes" type="Area2D" parent="texts/text45"]

[node name="collisionShape" type="CollisionShape2D" parent="texts/text45/spikes"]
position = Vector2( -8, 96 )
shape = SubResource( 143 )

[node name="collisionShape2" type="CollisionShape2D" parent="texts/text45/spikes"]
position = Vector2( 40, 96 )
shape = SubResource( 144 )

[node name="collisionShape3" type="CollisionShape2D" parent="texts/text45/spikes"]
position = Vector2( 16, 200 )
shape = SubResource( 140 )

[node name="trigger" type="Area2D" parent="texts/text45"]

[node name="collisionShape" type="CollisionShape2D" parent="texts/text45/trigger"]
shape = SubResource( 145 )

[node name="data" type="Node" parent="texts/text45"]
__meta__ = {
"_editor_description_": "sender: null;
delay: 1.0;
flip: true;"
}

[node name="label" type="Label" parent="texts/text45"]
margin_right = 32.0
margin_bottom = 192.0
custom_fonts/font = ExtResource( 6 )
custom_constants/line_spacing = 0
__meta__ = {
"_edit_use_anchors_": false
}

[node name="text46" parent="texts" instance=ExtResource( 5 )]
position = Vector2( 10176, 288 )

[node name="collisionShape" type="CollisionShape2D" parent="texts/text46"]
shape = SubResource( 146 )

[node name="trigger" type="Area2D" parent="texts/text46"]

[node name="collisionShape" type="CollisionShape2D" parent="texts/text46/trigger"]
shape = SubResource( 147 )

[node name="data" type="Node" parent="texts/text46"]
__meta__ = {
"_editor_description_": "sender: alissa;
delay: 1.5;
flip: false;"
}

[node name="label" type="Label" parent="texts/text46"]
margin_right = 192.0
margin_bottom = 32.0
custom_fonts/font = ExtResource( 6 )
custom_constants/line_spacing = 0
text = "Ig I'll survive :("
__meta__ = {
"_edit_use_anchors_": false
}

[node name="text47" parent="texts" instance=ExtResource( 5 )]
position = Vector2( 10320, 338 )

[node name="collisionShape" type="CollisionShape2D" parent="texts/text47"]
shape = SubResource( 148 )

[node name="trigger" type="Area2D" parent="texts/text47"]

[node name="collisionShape" type="CollisionShape2D" parent="texts/text47/trigger"]
shape = SubResource( 149 )

[node name="data" type="Node" parent="texts/text47"]
__meta__ = {
"_editor_description_": "sender: null;
delay: 0.5;
flip: false;"
}

[node name="label" type="Label" parent="texts/text47"]
margin_right = 32.0
margin_bottom = 224.0
custom_fonts/font = ExtResource( 6 )
custom_constants/line_spacing = 0
__meta__ = {
"_edit_use_anchors_": false
}

[node name="text48" parent="texts" instance=ExtResource( 5 )]
position = Vector2( 10400, 512 )

[node name="collisionShape" type="CollisionShape2D" parent="texts/text48"]
shape = SubResource( 150 )

[node name="spikes" type="Area2D" parent="texts/text48"]

[node name="collisionShape" type="CollisionShape2D" parent="texts/text48/spikes"]
position = Vector2( 168, -8 )
shape = SubResource( 151 )

[node name="trigger" type="Area2D" parent="texts/text48"]

[node name="collisionShape" type="CollisionShape2D" parent="texts/text48/trigger"]
shape = SubResource( 152 )

[node name="data" type="Node" parent="texts/text48"]
__meta__ = {
"_editor_description_": "sender: hana;
delay: 1.0;
flip: false;"
}

[node name="label" type="Label" parent="texts/text48"]
margin_right = 336.0
margin_bottom = 32.0
custom_fonts/font = ExtResource( 6 )
custom_constants/line_spacing = 0
text = "Weekend it is then (^//ω//^)"
__meta__ = {
"_edit_use_anchors_": false
}

[node name="text49" parent="texts" instance=ExtResource( 5 )]
position = Vector2( 10464, 0 )

[node name="collisionShape" type="CollisionShape2D" parent="texts/text49"]
shape = SubResource( 153 )

[node name="spikes" type="Area2D" parent="texts/text49"]

[node name="collisionShape" type="CollisionShape2D" parent="texts/text49/spikes"]
position = Vector2( -8, 144 )
shape = SubResource( 154 )

[node name="collisionShape2" type="CollisionShape2D" parent="texts/text49/spikes"]
position = Vector2( 104, 144 )
shape = SubResource( 155 )

[node name="collisionShape3" type="CollisionShape2D" parent="texts/text49/spikes"]
position = Vector2( 48, 296 )
shape = SubResource( 156 )

[node name="trigger" type="Area2D" parent="texts/text49"]

[node name="collisionShape" type="CollisionShape2D" parent="texts/text49/trigger"]
shape = SubResource( 157 )

[node name="data" type="Node" parent="texts/text49"]
__meta__ = {
"_editor_description_": "sender: null;
delay: 1.5;
flip: true;"
}

[node name="label" type="Label" parent="texts/text49"]
margin_right = 96.0
margin_bottom = 288.0
custom_fonts/font = ExtResource( 6 )
custom_constants/line_spacing = 0
__meta__ = {
"_edit_use_anchors_": false
}

[node name="text50" parent="texts" instance=ExtResource( 5 )]
position = Vector2( 10688, 224 )

[node name="collisionShape" type="CollisionShape2D" parent="texts/text50"]
shape = SubResource( 158 )

[node name="trigger" type="Area2D" parent="texts/text50"]

[node name="collisionShape" type="CollisionShape2D" parent="texts/text50/trigger"]
shape = SubResource( 159 )

[node name="data" type="Node" parent="texts/text50"]
__meta__ = {
"_editor_description_": "sender: hana;
delay: 2.0;
flip: false;"
}

[node name="label" type="Label" parent="texts/text50"]
margin_right = 288.0
margin_bottom = 32.0
custom_fonts/font = ExtResource( 6 )
custom_constants/line_spacing = 0
text = "We can do details later"
__meta__ = {
"_edit_use_anchors_": false
}

[node name="text51" parent="texts" instance=ExtResource( 5 )]
position = Vector2( 11104, 384 )

[node name="collisionShape" type="CollisionShape2D" parent="texts/text51"]
shape = SubResource( 160 )

[node name="trigger" type="Area2D" parent="texts/text51"]

[node name="collisionShape" type="CollisionShape2D" parent="texts/text51/trigger"]
shape = SubResource( 161 )

[node name="data" type="Node" parent="texts/text51"]
__meta__ = {
"_editor_description_": "sender: foo_gc;
delay: 1.0;
flip: false;"
}

[node name="label" type="Label" parent="texts/text51"]
margin_right = 144.0
margin_bottom = 32.0
custom_fonts/font = ExtResource( 6 )
custom_constants/line_spacing = 0
text = "i'm excited"
__meta__ = {
"_edit_use_anchors_": false
}

[node name="text52" parent="texts" instance=ExtResource( 5 )]
position = Vector2( 11456, 320 )

[node name="collisionShape" type="CollisionShape2D" parent="texts/text52"]
shape = SubResource( 162 )

[node name="trigger" type="Area2D" parent="texts/text52"]

[node name="collisionShape" type="CollisionShape2D" parent="texts/text52/trigger"]
shape = SubResource( 163 )

[node name="data" type="Node" parent="texts/text52"]
__meta__ = {
"_editor_description_": "sender: ashe;
delay: 1.5;
flip: false;"
}

[node name="label" type="Label" parent="texts/text52"]
margin_right = 256.0
margin_bottom = 32.0
custom_fonts/font = ExtResource( 6 )
custom_constants/line_spacing = 0
text = "good, you should be"
__meta__ = {
"_edit_use_anchors_": false
}

[node name="checkpoints" type="Node" parent="."]

[node name="point1" parent="checkpoints" instance=ExtResource( 8 )]
position = Vector2( 1152, 160 )

[node name="collisionShape" type="CollisionShape2D" parent="checkpoints/point1"]
shape = SubResource( 164 )

[node name="data" type="Node" parent="checkpoints/point1"]
__meta__ = {
"_editor_description_": "3,4|3"
}

[node name="point2" parent="checkpoints" instance=ExtResource( 8 )]
position = Vector2( 2624, 32 )

[node name="collisionShape" type="CollisionShape2D" parent="checkpoints/point2"]
shape = SubResource( 165 )

[node name="data" type="Node" parent="checkpoints/point2"]
__meta__ = {
"_editor_description_": "8|5"
}

[node name="point3" parent="checkpoints" instance=ExtResource( 8 )]
position = Vector2( 3552, 32 )

[node name="collisionShape" type="CollisionShape2D" parent="checkpoints/point3"]
shape = SubResource( 166 )

[node name="data" type="Node" parent="checkpoints/point3"]
__meta__ = {
"_editor_description_": "13|6"
}

[node name="point4" parent="checkpoints" instance=ExtResource( 8 )]
position = Vector2( 4288, 160 )

[node name="collisionShape" type="CollisionShape2D" parent="checkpoints/point4"]
shape = SubResource( 167 )

[node name="data" type="Node" parent="checkpoints/point4"]
__meta__ = {
"_editor_description_": "15,16|7"
}

[node name="point5" parent="checkpoints" instance=ExtResource( 8 )]
position = Vector2( 6144, 128 )

[node name="collisionShape" type="CollisionShape2D" parent="checkpoints/point5"]
shape = SubResource( 168 )

[node name="data" type="Node" parent="checkpoints/point5"]
__meta__ = {
"_editor_description_": "26,27,28|8"
}

[node name="point6" parent="checkpoints" instance=ExtResource( 8 )]
position = Vector2( 6880, 96 )

[node name="collisionShape" type="CollisionShape2D" parent="checkpoints/point6"]
shape = SubResource( 169 )

[node name="data" type="Node" parent="checkpoints/point6"]
__meta__ = {
"_editor_description_": "30,31|9"
}

[node name="point7" parent="checkpoints" instance=ExtResource( 8 )]
position = Vector2( 8256, 128 )

[node name="collisionShape" type="CollisionShape2D" parent="checkpoints/point7"]
shape = SubResource( 170 )

[node name="data" type="Node" parent="checkpoints/point7"]
__meta__ = {
"_editor_description_": "38|12"
}

[node name="point8" parent="checkpoints" instance=ExtResource( 8 )]
position = Vector2( 9728, 64 )

[node name="collisionShape" type="CollisionShape2D" parent="checkpoints/point8"]
shape = SubResource( 171 )

[node name="data" type="Node" parent="checkpoints/point8"]
__meta__ = {
"_editor_description_": "43|13"
}

[node name="point9" parent="checkpoints" instance=ExtResource( 8 )]
position = Vector2( 10240, 64 )

[node name="collisionShape" type="CollisionShape2D" parent="checkpoints/point9"]
shape = SubResource( 172 )

[node name="data" type="Node" parent="checkpoints/point9"]
__meta__ = {
"_editor_description_": "46|14"
}

[node name="cam_changes" type="Node" parent="."]

[node name="cam0" parent="cam_changes" instance=ExtResource( 7 )]
position = Vector2( 0, -768 )

[node name="collisionShape" type="CollisionShape2D" parent="cam_changes/cam0"]

[node name="cam_rect" type="Node2D" parent="cam_changes/cam0"]
position = Vector2( 1024, 1368 )
__meta__ = {
"_editor_description_": "around"
}

[node name="cam1" parent="cam_changes" instance=ExtResource( 7 )]

[node name="collisionShape" type="CollisionShape2D" parent="cam_changes/cam1"]
shape = SubResource( 173 )

[node name="cam_rect" type="Node2D" parent="cam_changes/cam1"]
position = Vector2( 1024, 600 )
__meta__ = {
"_editor_description_": "around"
}

[node name="cam2" parent="cam_changes" instance=ExtResource( 7 )]
position = Vector2( 320, 0 )

[node name="collisionShape" type="CollisionShape2D" parent="cam_changes/cam2"]
shape = SubResource( 174 )

[node name="cam_rect" type="Node2D" parent="cam_changes/cam2"]
position = Vector2( 1216, 600 )
__meta__ = {
"_editor_description_": "east"
}

[node name="cam3" parent="cam_changes" instance=ExtResource( 7 )]
position = Vector2( 1024, 0 )

[node name="collisionShape" type="CollisionShape2D" parent="cam_changes/cam3"]
shape = SubResource( 175 )

[node name="cam_rect" type="Node2D" parent="cam_changes/cam3"]
position = Vector2( 1024, 600 )
__meta__ = {
"_editor_description_": "around"
}

[node name="cam4" parent="cam_changes" instance=ExtResource( 7 )]
position = Vector2( 1792, 0 )

[node name="collisionShape" type="CollisionShape2D" parent="cam_changes/cam4"]
shape = SubResource( 176 )

[node name="cam_rect" type="Node2D" parent="cam_changes/cam4"]
position = Vector2( 1024, 600 )
__meta__ = {
"_editor_description_": "around"
}

[node name="cam5" parent="cam_changes" instance=ExtResource( 7 )]
position = Vector2( 2496, 0 )

[node name="collisionShape" type="CollisionShape2D" parent="cam_changes/cam5"]
shape = SubResource( 177 )

[node name="cam_rect" type="Node2D" parent="cam_changes/cam5"]
position = Vector2( 1472, 600 )
__meta__ = {
"_editor_description_": "east"
}

[node name="cam6" parent="cam_changes" instance=ExtResource( 7 )]
position = Vector2( 3392, 0 )

[node name="collisionShape" type="CollisionShape2D" parent="cam_changes/cam6"]
shape = SubResource( 178 )

[node name="cam_rect" type="Node2D" parent="cam_changes/cam6"]
position = Vector2( 1024, 600 )
__meta__ = {
"_editor_description_": "around"
}

[node name="cam7" parent="cam_changes" instance=ExtResource( 7 )]
position = Vector2( 4096, 0 )

[node name="collisionShape" type="CollisionShape2D" parent="cam_changes/cam7"]
shape = SubResource( 179 )

[node name="cam_rect" type="Node2D" parent="cam_changes/cam7"]
position = Vector2( 2304, 600 )
__meta__ = {
"_editor_description_": "east"
}

[node name="cam8" parent="cam_changes" instance=ExtResource( 7 )]
position = Vector2( 5920, 0 )

[node name="collisionShape" type="CollisionShape2D" parent="cam_changes/cam8"]
shape = SubResource( 180 )

[node name="cam_rect" type="Node2D" parent="cam_changes/cam8"]
position = Vector2( 1312, 600 )
__meta__ = {
"_editor_description_": "east"
}

[node name="cam9" parent="cam_changes" instance=ExtResource( 7 )]
position = Vector2( 6656, 0 )

[node name="collisionShape" type="CollisionShape2D" parent="cam_changes/cam9"]
shape = SubResource( 181 )

[node name="cam_rect" type="Node2D" parent="cam_changes/cam9"]
position = Vector2( 1024, 600 )
__meta__ = {
"_editor_description_": "around"
}

[node name="cam10" parent="cam_changes" instance=ExtResource( 7 )]
position = Vector2( 7072, 0 )

[node name="collisionShape" type="CollisionShape2D" parent="cam_changes/cam10"]
shape = SubResource( 182 )

[node name="cam_rect" type="Node2D" parent="cam_changes/cam10"]
position = Vector2( 1024, 600 )
__meta__ = {
"_editor_description_": "around"
}

[node name="cam11" parent="cam_changes" instance=ExtResource( 7 )]
position = Vector2( 7424, 0 )

[node name="collisionShape" type="CollisionShape2D" parent="cam_changes/cam11"]
shape = SubResource( 183 )

[node name="cam_rect" type="Node2D" parent="cam_changes/cam11"]
position = Vector2( 1184, 600 )
__meta__ = {
"_editor_description_": "east"
}

[node name="cam12" parent="cam_changes" instance=ExtResource( 7 )]
position = Vector2( 8128, 0 )

[node name="collisionShape" type="CollisionShape2D" parent="cam_changes/cam12"]
shape = SubResource( 184 )

[node name="cam_rect" type="Node2D" parent="cam_changes/cam12"]
position = Vector2( 1920, 600 )
__meta__ = {
"_editor_description_": "east"
}

[node name="cam13" parent="cam_changes" instance=ExtResource( 7 )]
position = Vector2( 9632, 0 )

[node name="collisionShape" type="CollisionShape2D" parent="cam_changes/cam13"]
shape = SubResource( 185 )

[node name="cam_rect" type="Node2D" parent="cam_changes/cam13"]
position = Vector2( 1024, 600 )
__meta__ = {
"_editor_description_": "east"
}

[node name="cam14" parent="cam_changes" instance=ExtResource( 7 )]
position = Vector2( 10112, 0 )

[node name="collisionShape" type="CollisionShape2D" parent="cam_changes/cam14"]
shape = SubResource( 186 )

[node name="cam_rect" type="Node2D" parent="cam_changes/cam14"]
position = Vector2( 1024, 600 )
__meta__ = {
"_editor_description_": "around"
}

[node name="cam15" parent="cam_changes" instance=ExtResource( 7 )]
position = Vector2( 10624, 0 )

[node name="collisionShape" type="CollisionShape2D" parent="cam_changes/cam15"]
shape = SubResource( 187 )

[node name="cam_rect" type="Node2D" parent="cam_changes/cam15"]
position = Vector2( 1120, 600 )
__meta__ = {
"_editor_description_": "east"
}

[node name="cam16" parent="cam_changes" instance=ExtResource( 7 )]
position = Vector2( 11392, 0 )

[node name="collisionShape" type="CollisionShape2D" parent="cam_changes/cam16"]
shape = SubResource( 188 )

[node name="cam_rect" type="Node2D" parent="cam_changes/cam16"]
position = Vector2( 1024, 5120 )
__meta__ = {
"_editor_description_": "east"
}

[node name="label" type="RichTextLabel" parent="."]
margin_left = 448.0
margin_top = 192.0
margin_right = 576.0
margin_bottom = 224.0
custom_fonts/bold_font = SubResource( 189 )
custom_fonts/normal_font = SubResource( 190 )
custom_colors/default_color = Color( 0.556863, 0.552941, 0.572549, 1 )
bbcode_enabled = true
bbcode_text = "[b]Today[/b] 8:32 PM"
text = "Today 8:32 PM"
__meta__ = {
"_edit_use_anchors_": false
}

[node name="south" type="Sprite" parent="."]
position = Vector2( 544, 256 )
texture = ExtResource( 14 )
centered = false
region_enabled = true
region_rect = Rect2( 623.95, 5.9, 91.2, 121.6 )

[node name="east" type="Sprite" parent="."]
position = Vector2( 800, 128 )
rotation = 1.5708
texture = ExtResource( 14 )
centered = false
region_enabled = true
region_rect = Rect2( 330, 10, 87, 148 )

[node name="root_foo" parent="." instance=ExtResource( 2 )]
position = Vector2( 160, -640 )

[node name="end_particles" type="CPUParticles2D" parent="."]
position = Vector2( 11840, 3584 )
amount = 128
lifetime = 24.0
texture = ExtResource( 12 )
emission_shape = 2
emission_rect_extents = Vector2( 512, 1 )
direction = Vector2( 0, -1 )
gravity = Vector2( 0, -49 )
color_ramp = SubResource( 191 )
